@book{FomenkoFuchs16,
  author = {Anatoly Fomenko, Dmitry Fuchs},
  year = {2016},
  title = {Homotopical Topology, Second Edition},
  publisher = {Springer International Publishing Switzerland}
}

@article{GrassmannianWikipedia,
  author = {Wikipedia Users KarlJacobi et. al},
  howpublished = {https://en.wikipedia.org/wiki/Grassmannian#Motivation},
  title = {Grassmannian, Wikipedia}
}

@misc{ChenInfiniteNapkin,
  author = {Evan Chen},
  howpublished = {https://web.evanchen.cc/napkin.html},
  title = {An Infinitely Large Napkin}
}

@misc{Burde13,
  author = {Dietrich Burde},
  howpublished = {https://math.stackexchange.com/questions/500505/proof-of-the-finite-number-of-bravais-lattices?rq=1},
  title = {Proof of the finite number of Bravais Lattices},
  year = {2013}
}


@misc{Whitman11,
  author = {Matt Whitman},
  title = {University of California Santa Cruz, Physics 231 Final Presentaiton Crystallographic Point Groups and Space Groups},
  year = {Spring 2011}
}

@book{GriffithsQM,
  author = {David J Griffiths and Darrel F Schroeter},
  publisher = {Cambridge University Press},
  title = {Introduction to Quantum Mechanics, 3ed},
  year = {2018}
}