@book{FomenkoFuchs16,
  author = {Anatoly Fomenko, Dmitry Fuchs},
  year = {2016},
  title = {Homotopical Topology, Second Edition},
  publisher = {Springer International Publishing Switzerland}
}

@article{GrassmannianWikipedia,
  author = {Wikipedia Users KarlJacobi et. al},
  howpublished = {https://en.wikipedia.org/wiki/Grassmannian#Motivation},
  title = {Grassmannian, Wikipedia}
}

@misc{Provost17,
  author = {Alex Provost},
  howpublished = {https://math.stackexchange.com/questions/2463770/how-to-prove-sigma-x-cong-s1-wedge-x},
  year = {2017}
}