@book{FomenkoFuchs16,
  author = {Anatoly Fomenko, Dmitry Fuchs},
  year = {2016},
  title = {Homotopical Topology, Second Edition},
  publisher = {Springer International Publishing Switzerland}
}

@article{GrassmannianWikipedia,
  author = {Wikipedia Users KarlJacobi et. al},
  howpublished = {https://en.wikipedia.org/wiki/Grassmannian#Motivation},
  title = {Grassmannian, Wikipedia}
}

@misc{ChenInfiniteNapkin,
  author = {Evan Chen},
  howpublished = {https://web.evanchen.cc/napkin.html},
  title = {An Infinitely Large Napkin}
}

@book{BlundellThermal10,
  author = {Katherine M. Blundell and Stephen J. Blundell},
  publisher = {OUP Oxford},
  title = {Concepts in Thermal Physics},
  year = {2010}
}

@misc{PhysStackDavidZ2013,
  howpublished = {https://physics.stackexchange.com/questions/48497/could-temperature-have-been-defined-as-partial-s-partial-u},
  title = {Could Temperature have been defined as the negative energy derivative of entropy?},
  year = {2013}
}

@misc{PhysStackVeronika2017,
  author = {Veronika},
  howpublished = {https://physics.stackexchange.com/questions/319209/how-is-temperature-defined-in-non-equilibrium},
  title = {How is temperature defined in non-equilibrium?},
  year = {2017}
}


@misc{Gros17,
  author = {Claudius Gros},
  howpublished = {https://itp.uni-frankfurt.de/~gros/Vorlesungen/TD/},
  title = {University of Frankfurt, Thermodynamics and Statistical Mechancs, Theoretical Physics V},
  year = {Winter 2017}
}

@misc{QMechanic17,
  author = {Lo Scrondo and Qmechanic},
  howpublished = {https://physics.stackexchange.com/questions/345571/conjugate-variables-in-thermodynamics-vs-hamiltonian-mechanics},
  title = {Conjugate Variables in Thermodynamics vs. Hamiltonian Mechanics},
  year = {2017}
}

@misc{Rajeev07,
  author = {S. G. Rajeev},
  howpublished = {https://arxiv.org/pdf/0711.4319},
  title = {A Hamilton-Jacobi Formalism for Thermodynamics},
  year = {2007}
}

@misc{Nejati18,
  author = {A Nejati},
  howpublished = {https://physics.stackexchange.com/questions/428105/origin-of-conjugate-variables-in-physical-theories},
  title = {Origin of Conjugate Variables in Physical Theories},
  year = {2018}
}

@misc{Bryan18,
  author = {Stephen Bryan},
  howpublished = {https://www.quora.com/Thermodynamics-What-is-an-intuitive-explanation-of-Gibbs-Free-Energy},
  title = {What is an intuitive explanation of Gibbs Free Energy},
  year = {2018}
}