@book{MooreMoessner21,
  author = {Roderich Moessner. Joel E. Moore},
  year = {2021},
  title = {Topological Phases of Matter: New Particles, Phenomena, and Ordering Principles},
  publisher = {Cambridge University Press}
}

@book{TongSFT,
  author = {David Tong},
  year = {2017},
  title = {Lectures on Statistical Field Theory},
  publisher = {University of Cambridge}
}

@book{Sethna20,
  author = {James P. Sethna},
  year = {2021},
  title = {Statistical Mechanics: Entropy, Order Parameters, and Complexity},
  publisher = {Oxford University Press}
}

