@book{Lang02,
  author = {Serge Lang},
  year = {2002},
  title = {Algebra, Revised Third Edition},
  publisher = {Springer Science+Business Media New York}
}

