@book{232AdiscussionNotes,
  author = {Andr√©s Franco Valiente},
  year = {2023},
  title = {PHYS 232A: Quantum Field Theory I Discussion Notes}
}

@book{Maggiore05,
  author = {Michelle Maggiore},
  year = {2005},
  title = {A Modern Introduction to Quantum Field Theory},
  publisher = {Oxford University Press},
}

@book{SkinnerAQFT,
    author = {David Skinner},
    title = {Quantum Field Theory II, University of Cambridge Part III Mathematical Tripos}
}


@book{ZeeQFTNutshell,
    author = {Anthony Zee},
    title = {Quantum Field Theory in a Nutshell, Second Edition},
    year = {2010},
    publisher = {Princeton University Press},
}


@article{Weinberg97,
  author = {Steven Weinberg},
  year = {1997},
  title = {What is Quantum Field Theory, and what did we think it is?}
}

@article{PhysicsTravelGuideCohomology,
  authoer = {jakobadmin},
  title = {Cohomology - Why is it interesting?},
  year = {2015},
  publisher = {Physics Travel Guide Website}
}