@book{MooreMoessner21,
  authors = {Roderich Moessner, Joel E. Moor},
  year = {2021},
  title = {Topological Phases fo Matter: New Particles, Phenomena, and Ordering Principles},
  publisher = {Cambridge University Press}
}

@book{TongSFT,
  authors = {David Tong},
  year = {2017},
  title = {Lectures on Statistical Field Theory},
  publisher = {University of Cambridge}
}


@book{Sethna20,
  authors = {James P. Sethna},
  year = {2021},
  title = {Statistical Mechanics: Entropy, Order Parameters, and Complexity},
  publisher = {Oxford University Press}
}

