@book{MooreMoessner21,
  authors = {Roderich Moessner, Joel E. Moor},
  year = {2021},
  title = {Topological Phases fo Matter: New Particles, Phenomena, and Ordering Principles},
  publisher = {Cambridge University Press},
}
