@book{FomenkoFuchs16,
  author = {Anatoly Fomenko, Dmitry Fuchs},
  year = {2016},
  title = {Homotopical Topology, Second Edition},
  publisher = {Springer International Publishing Switzerland}
}

@article{GrassmannianWikipedia,
  author = {Wikipedia Users KarlJacobi et. al},
  howpublished = {https://en.wikipedia.org/wiki/Grassmannian#Motivation},
  title = {Grassmannian, Wikipedia}
}

@misc{ChenInfiniteNapkin,
  author = {Evan Chen},
  howpublished = {https://web.evanchen.cc/napkin.html},
  title = {An Infinitely Large Napkin}
}

@misc{TizkovaMSEPost,
  howpublished = {https://math.stackexchange.com/questions/4500541/what-is-the-difference-between-cellular-simplicial-and-singular-homology-and-th},
  title = {What is the difference between cellular, simplicial, and singular homology?},
}

@book{HatcherAlgTop,
  author = {Allen Hatcher},
  publisher = {Cambridge University Press},
  title = {Algebraic Topology},
  year = {2002},
}

@misc{Wilson12,
  author = {Dylan Wilson},
  howpublished = {https://math.stackexchange.com/questions/105693/intuition-behind-homology-with-general-coefficients},
  title = {Intuition behind Homology with General Coefficients},
  year = {2012}
}