@book{232AdiscussionNotes,
  author = {Andr√©s Franco Valiente},
  year = {2023},
  title = {PHYS 232A: Quantum Field Theory I Discussion Notes}
}

@book{Maggiore05,
  author = {Michelle Maggiore},
  year = {2005},
  title = {A Modern Introduction to Quantum Field Theory},
  publisher = {Oxford University Press},
}

@book{SkinnerAQFT,
    author = {David Skinner},
    title = {Quantum Field Theory II, University of Cambridge Part III Mathematical Tripos}
}


@book{ZeeQFTNutshell,
    author = {Anthony Zee},
    title = {Quantum Field Theory in a Nutshell, Second Edition},
    year = {2010},
    publisher = {Princeton University Press},
}


@article{Weinberg97,
  author = {Steven Weinberg},
  year = {1997},
  title = {What is Quantum Field Theory, and what did we think it is?}
}

@article{PhysicsTravelGuideCohomology,
  authoer = {jakobadmin},
  title = {Cohomology - Why is it interesting?},
  year = {2015},
  publisher = {Physics Travel Guide Website}
}

@misc{OsbornAQFT,
  author       = {Steffen Gielen, Carl Turner, Hugh Osborn},
  howpublished = {https://www.damtp.cam.ac.uk/user/ho/AQFTNotes.pdf},
  title        = {Advanced Quantum Field Theory
Lent Term 2013 Hugh Osborn},
  year         = {2019}
}

@misc{SchullerGeomAnatomy,
  author       = {Simon Rea, Frederic P. Schuller},
  howpublished = {https://mathswithphysics.blogspot.com/2016/07/lectures-on-geometric-anatomy-of.html},
  title        = {Lectures on the Geometric Anatomy of Theoretical Physics},
  year         = {2014}
}

@book{LeeSM,
  author = {John M. Lee},
  year = {2013},
  title = {Introduction to Smooth Manifolds, 2nd edition},
  publisher = {Springer}
}