@book{FomenkoFuchs16,
  author = {Anatoly Fomenko, Dmitry Fuchs},
  year = {2016},
  title = {Homotopical Topology, Second Edition},
  publisher = {Springer International Publishing Switzerland}
}

@article{GrassmannianWikipedia,
  author = {Wikipedia Users KarlJacobi et. al},
  howpublished = {https://en.wikipedia.org/wiki/Grassmannian#Motivation},
  title = {Grassmannian, Wikipedia}
}

@misc{ChenInfiniteNapkin,
  author = {Evan Chen},
  howpublished = {https://web.evanchen.cc/napkin.html},
  title = {An Infinitely Large Napkin}
}