@article{Briceño,
    title = {Consistency checks for two-body nite-volume matrix elements:
 I. Conserved currents and bound states},
    author = {Raúl Briceño, Maxwell T. Hansen, Andrew W. Jackura},
    year = {2019},
    keywords = {Physics, QCD},
    url = {https://arxiv.org/pdf/1909.10357.pdf}
}