@book{Griffiths,
    title = {Introduction to Electrodynamics, Fourth Edition},
    author = {David J. Griffiths},
    isbn = {978-0-321-85656-2},
    year = {2013},
    publisher = {Pearson},
    keywords = {physics, electrodynamics}
}